@article{marrero2019,
  author = {Marrero, Jos{\' e} and Garc{\' i}a, Alicia and Berrocoso, Manuel and Llinares, {\' A}ngeles and Rodr{\' i}guez-Losada, Antonio and Ortiz, R.},
  journal = {Journal of Applied Volcanology},
  year = {2019},
  month = {7},
  pages = {},
  title = {Strategies for the development of volcanic hazard maps in monogenetic volcanic fields: the example of {La} {Palma} ({Canary} {Islands})},
  volume = {8},
  doi = {10.1186/s13617-019-0085-5},
}

@article{taylor2013,
	title = {Ground water and climate change},
	author = {Taylor, Richard G. and Scanlon, Bridget and {DÃ¶ll}, Petra and Rodell, Matt and Van Beek, Rens and Wada, Yoshihide and Longuevergne, Laurent and Leblanc, Marc and Famiglietti, James S. and Edmunds, Mike and Konikow, Leonard and Green, Timothy R. and Chen, Jianyao and Taniguchi, Makoto and Bierkens, Marc F. P. and MacDonald, Alan and Fan, Ying and Maxwell, Reed M. and Yechieli, Yossi and Gurdak, Jason J. and Allen, Diana M. and Shamsudduha, Mohammad and Hiscock, Kevin and Yeh, Pat J.-F. and Holman, Ian and Treidel, Holger},
	year = {2013},
	date = {2013},
	journal = {Nature Climate Change},
	pages = {322--329},
	volume = {3},
	number = {4},
	doi = {10.1038/nclimate1744},
	url = {https://www.nature.com/articles/nclimate1744},
	langid = {en}
}

@article{scanlon2006,
	title = {Global synthesis of groundwater recharge in semiarid and arid regions},
	author = {Scanlon, Bridget R. and Keese, Kelley E. and Flint, Alan L. and Flint, Lorraine E. and Gaye, Cheikh B. and Edmunds, W. Michael and Simmers, Ian},
	year = {2006},
	month = {10},
	date = {2006-10-15},
	journal = {Hydrological Processes},
	pages = {3335--3370},
	volume = {20},
	number = {15},
	doi = {10.1002/hyp.6335},
	url = {https://onlinelibrary.wiley.com/doi/10.1002/hyp.6335},
	langid = {en}
}

@article{yao2018,
	title = {Role of Groundwater in the Dryland Ecohydrological System: A Case Study of the Heihe River Basin},
	author = {Yao, Yingying and Tian, Yong and Andrews, Charles and Li, Xi and Zheng, Yi and Zheng, Chunmiao},
	year = {2018},
	month = {07},
	date = {2018-07-16},
	journal = {Journal of Geophysical Research: Atmospheres},
	pages = {6760--6776},
	volume = {123},
	number = {13},
	doi = {10.1029/2018JD028432},
	url = {https://agupubs.onlinelibrary.wiley.com/doi/10.1029/2018JD028432},
	langid = {en}
}

@article{singh2018,
	title = {Towards baseflow index characterisation at national scale in New Zealand},
	author = {Singh, Shailesh Kumar and Pahlow, Markus and Booker, Doug J. and Shankar, Ude and Chamorro, Alejandro},
	year = {2018},
	date = {2018},
	journal = {Journal of Hydrology},
	pages = {646--657},
	volume = {568},
	doi = {10.1016/j.jhydrol.2018.11.025},
	url = {https://linkinghub.elsevier.com/retrieve/pii/S0022169418308801},
	langid = {en}
}

@article{bosch2017,
	title = {Temporal variations in baseflow for the Little River experimental watershed in South Georgia, USA},
	author = {Bosch, David D. and Arnold, Jeff G. and Allen, Peter G. and Lim, Kyoung-Jae and Park, Youn Shik},
	year = {2017},
	month = {04},
	date = {2017-04},
	journal = {Journal of Hydrology: Regional Studies},
	pages = {110--121},
	volume = {10},
	doi = {10.1016/j.ejrh.2017.02.002},
	url = {https://linkinghub.elsevier.com/retrieve/pii/S2214581816301501},
	langid = {en}
}

@article{beck2013,
	title = {Global patterns in base flow index and recession based on streamflow observations from 3394 catchments: Global Patterns in Base Flow Characteristics},
	author = {Beck, Hylke E. and van Dijk, Albert I. J. M. and Miralles, Diego G. and de Jeu, Richard A. M. and Sampurno Bruijnzeel, L. A. and McVicar, Tim R. and Schellekens, Jaap},
	year = {2013},
	date = {2013},
	journal = {Water Resources Research},
	pages = {7843--7863},
	volume = {49},
	number = {12},
	doi = {10.1002/2013WR013918},
	url = {http://doi.wiley.com/10.1002/2013WR013918},
	langid = {en}
}

@article{ficklin2016,
	title = {Impacts of recent climate change on trends in baseflow and stormflow in United States watersheds},
	author = {Ficklin, Darren L. and Robeson, Scott M. and Knouft, Jason H.},
	year = {2016},
	date = {2016},
	journal = {Geophysical Research Letters},
	pages = {5079--5088},
	volume = {43},
	number = {10},
	doi = {10.1002/2016GL069121},
	url = {https://onlinelibrary.wiley.com/doi/abs/10.1002/2016GL069121},
	note = {{\_}eprint: https://onlinelibrary.wiley.com/doi/pdf/10.1002/2016GL069121},
	langid = {en}
}

@article{tan2020,
	title = {Global Changes in Baseflow Under the Impacts of Changing Climate and Vegetation},
	author = {Tan, Xuejin and Liu, Bingjun and Tan, Xuezhi},
	year = {2020},
	date = {2020},
	journal = {Water Resources Research},
	pages = {e2020WR027349},
	volume = {56},
	number = {9},
	doi = {10.1029/2020WR027349},
	url = {https://onlinelibrary.wiley.com/doi/abs/10.1029/2020WR027349},
	note = {{\_}eprint: https://onlinelibrary.wiley.com/doi/pdf/10.1029/2020WR027349},
	langid = {en}
}
